@misc{StackExchange,
  title = {Stack Exchange},
  howpublished = {\url{http://stackexchange.com/}},
  note = {Accessed: 2016-04-01}
}

@misc{stan,
  title = {Stan Homepage},
  howpublished = {\url{http://mc-stan.org/}},
  note = {Accessed: 2016-04-10}
}

@book{gelman2014bayesian,
  title={Bayesian data analysis},
  author={Gelman, Andrew and Carlin, John B and Stern, Hal S and Rubin, Donald B},
  volume={2},
  year={2014},
  publisher={Taylor \& Francis}
}
